@article{
  Ayoub1980,
  author={Ayoub, Raymond G.},
  title={Paolo Ruffini's Contributions to the Quintic},
  journaltitle={Archive for History of Exact Sciences},
  year={1980},
  volume={23},
  number={3},
  pages={253--277},
  url={https://www.jstor.org/stable/41133596}
}

@book{
  Neumann2011,
  author={Neumann, Peter M.},
  title={The Mathematical Writings of Ã‰variste Galois},
  year={2011},
  publisher={European Mathematical Society},
  url={https://uberty.org/wp-content/uploads/2015/11/Peter_M._Neumann_The_Mathematical_Writings.pdf}
}